@inproceedings{kim2015,
  title={{ICCAD}-2015 {CAD} contest in incremental timing-driven placement and benchmark suite},
  author={Kim, M. and Hu, J. and Li, J. and Viswanathan, N.},
  booktitle={{ICCAD}},
  pages={921--926},
  year={2015}
}

@article{selim1984k,
  title={K-means-type algorithms: a generalized convergence theorem and characterization of local optimality},
  author={Selim, Shokri Z and Ismail, Mohamed A},
  journal={Pattern Analysis and Machine Intelligence, IEEE Transactions on},
  number={1},
  pages={81--87},
  year={1984},
  publisher={IEEE}
}

@misc{ophidian,
  title = {{O}phidian: an Open Source Library for Physical Design Research and Teaching},
  author={Embedded {C}omputing {L}ab, {F}ederal {U}niversity of {S}anta {C}atarina},
  howpublished = {\url{https://github.com/eclufsc/ophidian}},
  year={2017}
}

@book{booch2006object,
  title={Object oriented analysis \& design with application},
  author={Booch, Grady},
  year={2006},
  publisher={Pearson Education India}
}

@book{nystrom2014game,
  title={Game programming patterns},
  author={Nystrom, Robert},
  year={2014},
  publisher={Genever Benning}
}

@book{patterson2013computer,
  title={Computer organization and design: the hardware/software interface},
  author={Patterson, David A and Hennessy, John L},
  year={2013},
  publisher={Newnes}
}

@book{gamma1995design,
  title={Design patterns: elements of reusable object-oriented software},
  author={Gamma, Erich},
  year={1995},
  publisher={Pearson Education India}
}
